@article{dlbittorrent,
    author  = "Dave Levin and Katrina LaCurts and Neil Spring and Bobby Bhattacharjee",
    title   = "Bit{T}orrent is an {A}uction: Analyzing and {I}mproving {B}it{T}orrent's {I}ncentives",
    year    = "2008",
    journal = "SIGCOMM",
    pages   =  "243--254"
}

@INPROCEEDINGS{prtorrent,
    author={Roy, S.D. and Zeng, Wenjun},
    booktitle={Peer-to-Peer Computing, 2009. P2P '09. IEEE Ninth International Conference on},
    title={prTorrent: On establishment of piece rarity in the BitTorrent unchoking algorithm},
    year={2009},
    pages={252-261},
    keywords={Internet;peer-to-peer computing;BitTorrent unchoking algorithm;Internet;P2P content distribution system;P2P systems;Tit-for-Tat mechanism;auction based choking;cooperative behavior;discount parameter attack;equilibrium facilitation;free riding;honest piece revelation;orthogonal treatment;piece rarity factor;piece rarity parameter;piece revelation strategy;piece unchoking;prTorrent;proincentive approach;strategic formulation;strategic manipulation;unfair maximization;Algorithm design and analysis;Bandwidth;Computer security;Costs;Equations;Game theory;Internet;Peer to peer computing;USA Councils},
    doi={10.1109/P2P.2009.5284542},
}

@article{free-riding,
title = "Resisting free-riding behavior in BitTorrent ",
journal = "Future Generation Computer Systems ",
volume = "26",
number = "8",
pages = "1285 - 1299",
year = "2010",
note = "",
issn = "0167-739X",
doi = "http://dx.doi.org/10.1016/j.future.2009.05.014",
url = "http://www.sciencedirect.com/science/article/pii/S0167739X0900065X",
author = "Jian Wang and Ruimin Shen and Carsten Ullrich and Heng Luo and Changyong Niu",
keywords = "BitTorrent",
keywords = "Free-riding",
keywords = "Countermeasure",
keywords = "Fairness",
keywords = "Encryption "
}

